<?xml version="1.0" encoding="UTF-8"?><record xmlns="http://www.loc.gov/MARC21/slim" xmlns:cinclude="http://apache.org/cocoon/include/1.0" xmlns:zs="http://www.loc.gov/zing/srw/">
  <leader>00631cz  a2200157n  4500</leader>
  <controlfield tag="001">n 2008053237</controlfield>
  <controlfield tag="003">DLC</controlfield>
  <controlfield tag="005">20110902074844.0</controlfield>
  <controlfield tag="008">080805n| acannaabn          |b aaa      </controlfield>
  <datafield tag="010" ind1=" " ind2=" ">
    <subfield code="a">n 2008053237</subfield>
  </datafield>
  <datafield tag="040" ind1=" " ind2=" ">
    <subfield code="a">DLC</subfield>
    <subfield code="b">eng</subfield>
    <subfield code="c">DLC</subfield>
    <subfield code="d">DLC</subfield>
  </datafield>
  <datafield tag="100" ind1="1" ind2=" ">
    <subfield code="a">Lan, Yisheng</subfield>
  </datafield>
  <datafield tag="400" ind1="1" ind2=" ">
    <subfield code="a">兰宜生</subfield>
  </datafield>
  <datafield tag="667" ind1=" " ind2=" ">
    <subfield code="a">Non-Latin script reference not evaluated.</subfield>
  </datafield>
  <datafield tag="670" ind1=" " ind2=" ">
    <subfield code="a">Zhongguo dui wai kai fang yu di qu jing ji fa zhan, 2005:</subfield>
    <subfield code="b">t.p. (兰宜生 = Lan Yisheng)</subfield>
  </datafield>
  <datafield tag="670" ind1=" " ind2=" ">
    <subfield code="a">Zhongguo de da guo mao yi zheng ce xiu zheng, 2010:</subfield>
    <subfield code="b">t.p. (兰宜生 = Lan Yisheng) front flap (b. 1957, Beijing; Ph.D. in economics, Fu dan da xue; prof. of Shanghai cai jing a xue)</subfield>
  </datafield>
</record>